@misc{SerCeMan78:online,
author = {},
title = {SerCeMan/jnr-fuse: FUSE implementation in Java using Java Native Runtime (JNR)},
howpublished = {\url{https://github.com/SerCeMan/jnr-fuse}},
month = {},
year = {},
note = {(Accessed on 02/21/2017)}
}

@misc{libfusel7:online,
author = {},
title = {libfuse/libfuse: The reference implementation of the Linux FUSE (Filesystem in Userspace) interface},
howpublished = {\url{https://github.com/libfuse/libfuse}},
month = {},
year = {},
note = {(Accessed on 02/22/2017)}
}

@misc{grpcgrpc62:online,
author = {},
title = {grpc / grpc.io},
howpublished = {\url{http://www.grpc.io/}},
month = {},
year = {},
note = {(Accessed on 02/22/2017)}
}

@misc{Protocol27:online,
author = {},
title = {Protocol Buffers - Google Developers},
howpublished = {\url{https://developers.google.com/protocol-buffers/}},
month = {},
year = {},
note = {(Accessed on 02/22/2017)}
}